@article{diffie2008brave,
	title={Brave New World of Wiretapping},
	author={Diffie, Whitfield and Landau, Susan},
	journal={Scientific American},
	volume={299},
	number={3},
	pages={56--63},
	year={2008},
	publisher={Nature Publishing Group}
},
@inproceedings{gilad2012spying,
	title={Spying in the dark: TCP and tor traffic analysis},
	author={Gilad, Yossi and Herzberg, Amir},
	booktitle={Privacy Enhancing Technologies},
	pages={100--119},
	year={2012},
	organization={Springer}
},
@article{hayesguard,
	title={Guard Sets for Onion Routing},
	author={Hayes, Jamie and Danezis, George}
},
@article{sun2015raptor,
	title={RAPTOR: routing attacks on privacy in tor},
	author={Sun, Yixin and Edmundson, Anne and Vanbever, Laurent and Li,
		Oscar and Rexford, Jennifer and Chiang, Mung and Mittal,
		Prateek},
	journal={arXiv preprint arXiv:1503.03940},
	year={2015}
},
@incollection{biryukov2012torscan,
	title={TorScan: Tracing long-lived connections and differential
		scanning attacks},
	author={Biryukov, Alex and Pustogarov, Ivan and Weinmann,
		Ralf-Philipp},
	booktitle={Computer Security--ESORICS 2012},
	pages={469--486},
	year={2012},
	publisher={Springer}
},
@techreport{jansen2014sniper,
	title={The sniper attack: Anonymously deanonymizing and
		disabling the Tor network},
	author={Jansen, Rob and Tschorsch, Florian and Johnson,
		Aaron and Scheuermann, Bj{\"o}rn},
		year={2014},
		institution={DTIC Document}
}
@inproceedings{tor,
  title={Tor: An anonymous internet communication system},
  author={Dingledine, Roger}
}
